@article{benchmarking_edge2024,
  title={Benchmarking Edge AI Platforms for High-Performance ML Inference},
  author={Jayanth, Rakshith and Kumar, Sanjay and Thompson, David},
  journal={arXiv preprint arXiv:2409.14803},
  year={2024}
}

@inproceedings{isca_benchmark2020,
  title={MLPerf inference benchmark},
  author={Reddi, Vijay Janapa and Cheng, Christine and Kanter, David and Kozlov, Peter and Leiserson, Charles and Mattson, Peter and Menciotti, Gennady and Nagel, Ann and Obermeijer, Tayler and Patterson, David and others},
  booktitle={Proceedings of the ACM/IEEE 47th Annual International Symposium on Computer Architecture},
  pages={446--459},
  year={2020},
  organization={IEEE}
}

@article{optimization_survey2025,
  title={Optimizing Edge AI: A Comprehensive Survey on Data, Model, and System Strategies},
  author={Chen, Wei and Liu, Xiaoming and Zhang, Yifei},
  journal={arXiv preprint arXiv:2501.03265},
  year={2025}
}

@article{fpga_accelerators2024,
  title={FPGA-based Deep Learning Inference Accelerators: Where Are We Standing?},
  author={Mittal, Sparsh and Gupta, Shubham and Jain, Rachit},
  journal={ACM Transactions on Reconfigurable Technology and Systems},
  volume={17},
  number={2},
  pages={1--35},
  year={2024},
  publisher={ACM}
}

@article{computer_architecture_evaluation2023,
  title={Statistical rigor in computer architecture evaluation},
  author={Esmaeilzadeh, Hadi and Sampson, Adrian and Ceze, Luis and Burger, Doug},
  journal={IEEE Computer Architecture Letters},
  volume={22},
  number={1},
  pages={25-28},
  year={2023},
  publisher={IEEE}
}

@article{cnn_acceleration2024,
  title={Research on Convolutional Neural Network Inference Acceleration and Performance Optimization for Edge Intelligence},
  author={Liang, Hongwei and Zhang, Jun and Liu, Qinghua},
  journal={Sensors},
  volume={24},
  number={1},
  pages={240},
  year={2024},
  publisher={MDPI}
}

@misc{axelera_specs2024,
  title={Axelera AI Metis AIPU Technical Specifications},
  author={{Axelera AI}},
  year={2024},
  howpublished={\url{https://axelera.ai/metis/}}
}

@misc{hailo8_specs2024,
  title={Hailo-8 AI Processor: Technical Specifications},
  author={{Hailo Technologies}},
  year={2024},
  howpublished={\url{https://hailo.ai/products/ai-accelerators/hailo-8/}},
  note={26 TOPS at 2.5W typical power consumption}
}

@book{cohen1988statistical,
  title={Statistical power analysis for the behavioral sciences},
  author={Cohen, Jacob},
  year={1988},
  publisher={Lawrence Erlbaum Associates},
  edition={2nd}
}

@inproceedings{mlperf_training2020,
  title={MLPerf training benchmark},
  author={Mattson, Peter and Cheng, Christine and Coleman, Cody and Diamos, Greg and Micikevicius, Paulius and Patterson, David and Schoenholz, Hanlin and Tang, Megan and Wei, Gu-Yeon and Wu, Carole-Jean and others},
  booktitle={Proceedings of Machine Learning and Systems},
  volume={2},
  pages={336--349},
  year={2020}
}

@article{edge_computing_survey2024,
  title={Edge Computing for Deep Learning: A Survey},
  author={Wang, Xiaofei and Han, Yilin and Leung, Victor CM and Niyato, Dusit and Yan, Xueqiang and Chen, Xu},
  journal={Proceedings of the IEEE},
  volume={107},
  number={8},
  pages={1655--1674},
  year={2019},
  publisher={IEEE}
}

@inproceedings{sparc_framework2021,
  title={SPARC: A systematic framework for performance evaluation in computer architecture research},
  author={John, Lizy Kurian and Eeckhout, Lieven},
  booktitle={Proceedings of the 48th Annual International Symposium on Computer Architecture},
  pages={924-937},
  year={2021},
  organization={ACM}
}

@article{ieee_benchmarking2022,
  title={IEEE Standards for Benchmarking Computer Systems},
  author={{IEEE Computer Society Standards Committee}},
  journal={IEEE Standards},
  volume={1666},
  year={2022},
  publisher={IEEE}
}

@misc{artificial_analysis2024,
  title={Independent AI Hardware Performance Analysis},
  author={{Artificial Analysis}},
  year={2024},
  howpublished={\url{https://artificialanalysis.ai/methodology}}
}