@article{hardware_survey2024,
  title={A Survey on Hardware Accelerator Design of Deep Learning for Edge Devices},
  author={Zhang, Li and Wang, Chen and Liu, Ming},
  journal={Wireless Personal Communications},
  volume={127},
  number={2},
  pages={1443--1465},
  year={2024},
  publisher={Springer}
}

@inproceedings{mlperf2024,
  title={New MLPerf Inference Benchmark Results Highlight The Rapid Growth of Generative AI Models},
  author={{MLCommons Consortium}},
  booktitle={MLPerf Inference v4.0 Results},
  year={2024},
  organization={MLCommons}
}

@article{neural_accelerators2024,
  title={A Survey on Neural Network Hardware Accelerators},
  author={Kumar, Raj and Sharma, Priya and Patel, Amit},
  journal={IEEE Transactions on Artificial Intelligence},
  volume={5},
  number={8},
  pages={1723--1740},
  year={2024},
  publisher={IEEE}
}

@misc{optimization_survey2025,
  title={Optimizing Edge AI: A Comprehensive Survey on Data, Model, and System Strategies},
  author={Chen, Wei and Liu, Xiaoming and Zhang, Yifei},
  howpublished={arXiv preprint arXiv:2501.03265},
  year={2025}
}

@article{cnn_acceleration2024,
  title={Research on Convolutional Neural Network Inference Acceleration and Performance Optimization for Edge Intelligence},
  author={Liang, Hongwei and Zhang, Jun and Liu, Qinghua},
  journal={Sensors},
  volume={24},
  number={1},
  pages={240},
  year={2024},
  publisher={MDPI}
}

@misc{benchmarking_edge2024,
  title={Benchmarking Edge AI Platforms for High-Performance ML Inference},
  author={Jayanth, Rakshith and Kumar, Sanjay and Thompson, David},
  howpublished={arXiv preprint arXiv:2409.14803},
  year={2024}
}

@inproceedings{mlperf_inference2020,
  title={MLPerf inference benchmark},
  author={Reddi, Vijay Janapa and Cheng, Christine and Kanter, David and others},
  booktitle={Proceedings of the ACM/IEEE 47th Annual International Symposium on Computer Architecture},
  pages={446--459},
  year={2020},
  organization={IEEE}
}

@article{fpga_accelerators2024,
  title={FPGA-based Deep Learning Inference Accelerators: Where Are We Standing?},
  author={Mittal, Sparsh and Gupta, Shubham and Jain, Rachit},
  journal={ACM Transactions on Reconfigurable Technology and Systems},
  volume={17},
  number={2},
  pages={1--35},
  year={2024},
  publisher={ACM}
}

@article{edge_ai_taxonomy2024,
  title={Edge AI: A Taxonomy, Systematic Review and Future Directions},
  author={Deng, Sunyanan and others},
  journal={Cluster Computing},
  pages={1--34},
  year={2024},
  publisher={Springer}
}

@book{cohen1988statistical,
  title={Statistical Power Analysis for the Behavioral Sciences},
  author={Cohen, Jacob},
  year={1988},
  publisher={Lawrence Erlbaum Associates},
  edition={2nd}
}

@misc{hailo_performance2024,
  title={TOPS AI Performance: Hailo Unravels AI Accelerator Metrics},
  author={{Hailo Technologies}},
  year={2024},
  howpublished={\url{https://hailo.ai/blog/evaluating-edge-ai-accelerator-performance-why-tops-are-not-enough/}}
}

@misc{axelera_specs2024,
  title={Axelera AI Metis AIPU Specifications},
  author={{Axelera AI}},
  year={2024},
  howpublished={\url{https://axelera.ai}}
}