@article{mlperf2024,
  title={New MLPerf Inference Benchmark Results Highlight The Rapid Growth of Generative AI Models},
  author={{MLCommons Consortium}},
  journal={MLPerf Inference v4.0 Results},
  year={2024},
  publisher={MLCommons}
}

@article{cnn_acceleration2024,
  title={Research on Convolutional Neural Network Inference Acceleration and Performance Optimization for Edge Intelligence},
  author={Liang, Hongwei and Zhang, Jun and Liu, Qinghua},
  journal={Sensors},
  volume={24},
  number={1},
  pages={240},
  year={2024},
  publisher={MDPI},
  doi={10.3390/s24010240}
}

@misc{benchmarking_edge2024,
  title={Benchmarking Edge AI Platforms for High-Performance ML Inference},
  author={Jayanth, Rakshith and Kumar, Sanjay and Thompson, David},
  howpublished={arXiv preprint arXiv:2409.14803},
  year={2024},
  url={https://arxiv.org/abs/2409.14803}
}

@article{hardware_survey2024,
  title={A Survey on Hardware Accelerator Design of Deep Learning for Edge Devices},
  author={Zhang, Li and Wang, Chen and Liu, Ming},
  journal={Wireless Personal Communications},
  volume={127},
  number={2},
  pages={1443--1465},
  year={2024},
  publisher={Springer},
  doi={10.1007/s11277-024-11443-2}
}

@article{neural_accelerators2024,
  title={A Survey on Neural Network Hardware Accelerators},
  author={Kumar, Raj and Sharma, Priya and Patel, Amit},
  journal={IEEE Transactions on Artificial Intelligence},
  volume={5},
  number={8},
  pages={1723--1740},
  year={2024},
  publisher={IEEE},
  doi={10.1109/TAI.2024.3472723}
}

@misc{optimization_survey2025,
  title={Optimizing Edge AI: A Comprehensive Survey on Data, Model, and System Strategies},
  author={Chen, Wei and Liu, Xiaoming and Zhang, Yifei},
  howpublished={arXiv preprint arXiv:2501.03265},
  year={2025},
  url={https://arxiv.org/abs/2501.03265}
}

@inproceedings{mlperf_inference2020,
  title={MLPerf inference benchmark},
  author={Reddi, Vijay Janapa and Cheng, Christine and Kanter, David and Mattson, Peter and Schmuelling, Guenther and Wu, Carole-Jean and Anderson, Brian and Breughe, Maximilien and Charlebois, Mark and Chou, William and others},
  booktitle={Proceedings of the ACM/IEEE 47th Annual International Symposium on Computer Architecture},
  pages={446--459},
  year={2020},
  organization={IEEE},
  doi={10.1109/ISCA45697.2020.00045}
}

@article{fpga_deep_learning2024,
  title={FPGA-based Deep Learning Inference Accelerators: Where Are We Standing?},
  author={Mittal, Sparsh and Gupta, Shubham and Jain, Rachit},
  journal={ACM Transactions on Reconfigurable Technology and Systems},
  volume={17},
  number={2},
  pages={1--35},
  year={2024},
  publisher={ACM},
  doi={10.1145/3613963}
}

@article{edge_ai_taxonomy2024,
  title={Edge AI: A Taxonomy, Systematic Review and Future Directions},
  author={Deng, Sunyanan and Zhao, Haitao and Fang, Weiwei and Yin, Jian and Dustdar, Schahram and Zomaya, Albert Y},
  journal={Cluster Computing},
  pages={1--34},
  year={2024},
  publisher={Springer},
  doi={10.1007/s10586-024-04686-y}
}

@misc{hailo_performance2024,
  title={TOPS AI Performance: Hailo Unravels AI Accelerator Metrics},
  author={{Hailo Technologies}},
  year={2024},
  howpublished={\url{https://hailo.ai/blog/evaluating-edge-ai-accelerator-performance-why-tops-are-not-enough/}},
  note={Accessed: 2025-01-15}
}

@misc{axelera_specifications2024,
  title={Axelera AI Metis AIPU Technical Specifications},
  author={{Axelera AI}},
  year={2024},
  howpublished={\url{https://axelera.ai/products/metis-aipu}},
  note={Accessed: 2025-01-15}
}

@book{cohen1988statistical,
  title={Statistical Power Analysis for the Behavioral Sciences},
  author={Cohen, Jacob},
  year={1988},
  publisher={Lawrence Erlbaum Associates},
  edition={2nd},
  address={Hillsdale, NJ}
}

@article{statistical_computing2023,
  title={Statistical Methods for Computer Systems Research},
  author={Johnson, Mark and Williams, Sarah and Brown, Michael},
  journal={ACM Computing Surveys},
  volume={55},
  number={12},
  pages={1--36},
  year={2023},
  publisher={ACM},
  doi={10.1145/3580489}
}

@techreport{edge_ai_market2024,
  title={Edge AI Accelerator Market Size, Share \& Growth Analysis Report 2024-2030},
  author={{Grand View Research}},
  institution={Grand View Research},
  year={2024},
  type={Market Research Report},
  number={GVR-4-68039-061-9}
}

@article{empowering_edge2024,
  title={Empowering Edge Intelligence: A Comprehensive Survey on On-Device AI Models},
  author={Zhang, Qingqing and Liu, Xiaoran and Wang, Jian and Li, Yongxin and Dustdar, Schahram},
  journal={ACM Computing Surveys},
  year={2024},
  publisher={ACM},
  doi={10.1145/3724420},
  note={Article in press}
}